@inproceedings{svp,
 title                = {New directions in nearest neighbor searching with applications to lattice sieving},
 author               = {Becker, Anja and Ducas, Léo and Gama, N. and Laarhoven, T.M.M.},
 journal              = {Proceedings of the Annual ACM-SIAM Symposium on Discrete Algorithms},
 volume               = {1},
 pages                = {10--25},
 year                 = 2016,
 month                = jan
}

@article{short_basis_trapdoor,
author = {Gentry, Craig and Peikert, Chris and Vaikuntanathan, Vinod},
year = {2008},
month = {09},
pages = {},
title = {How to Use a Short Basis: Trapdoors for Hard Lattices and New Cryptographic Constructions},
volume = {14},
journal = {Electronic Colloquium on Computational Complexity (ECCC)}
}

@article{DN12,
author = {Ducas, Leo and Nguyen, Phong},
year = {2012},
month = {12},
pages = {433-450},
title = {Learning a Zonotope and More: Cryptanalysis of NTRUSign Countermeasures},
isbn = {978-3-642-34960-7},
doi = {10.1007/978-3-642-34961-4_27}
}

@article{Ajtai96,
  title={Generating hard instances of lattice problems (extended abstract)},
  author={Mikl{\'o}s Ajtai},
  journal={Electron. Colloquium Comput. Complex.},
  year={1996},
  volume={TR96},
  url={https://api.semanticscholar.org/CorpusID:6864824}
}

@inproceedings{Regev05,
  acmid = {1060603},
  added-at = {2015-09-09T12:50:08.000+0200},
  address = {New York, NY, USA},
  author = {Regev, Oded},
  biburl = {https://www.bibsonomy.org/bibtex/2e5e905fdcb559332ec6f72a052e54791/xacid},
  booktitle = {Proceedings of the Thirty-seventh Annual ACM Symposium on Theory
	of Computing},
  doi = {10.1145/1060590.1060603},
  file = {:Regev05.pdf:PDF},
  interhash = {138062e4a0c1d1dd4b5d279fc9ad3c65},
  intrahash = {e5e905fdcb559332ec6f72a052e54791},
  isbn = {1-58113-960-8},
  keywords = {computational computing, cryptography, encryption, key lattices, learning public quantum queries statistical theory,},
  location = {Baltimore, MD, USA},
  numpages = {10},
  pages = {84--93},
  publisher = {ACM},
  series = {STOC '05},
  timestamp = {2015-09-09T12:50:08.000+0200},
  title = {On Lattices, Learning with Errors, Random Linear Codes, and Cryptography},
  url = {http://doi.acm.org/10.1145/1060590.1060603},
  year = 2005
}

@article{dhamo2021efficient,
  title={Efficient Luminescent Solar Concentrators Based on Environmentally Friendly Cd-Free Ternary AIS/ZnS Quantum Dots},
  author={Dhamo, Lorena and Carulli, Francesco and Nickl, Philip and Wegner, Karl David and Hodoroaba, Vasile-Dan and W{\"u}rth, Christian and Brovelli, Sergio and Resch-Genger, Ute},
  journal={Advanced Optical Materials},
  volume={9},
  number={17},
  pages={2100587},
  year={2021},
  publisher={Wiley Online Library}
}

@article{velu_elliptic,
author = {Miret, Josep M. and Moreno Chiral, Ramiro and Rio, Anna},
year = {2007},
month = {06},
pages = {147-163},
title = {Generalization of Vélu's formulae for isogenies between elliptic curves},
volume = {Proceed. I JTN},
journal = {Publicacions Matematiques},
doi = {10.5565/PUBLMAT_PJTN05_07}
}

@inbook{isogenies,
author = {Costello, Craig},
year = {2020},
month = {01},
pages = {21-50},
title = {Supersingular Isogeny Key Exchange for Beginners},
isbn = {978-3-030-38470-8},
doi = {10.1007/978-3-030-38471-5_2}
}

@misc{nsa_pqc,
  title = {Post-Quantum Cryptography: CISA, NIST, and NSA Recommend How to Prepare Now},
  howpublished = "\url{https://www.nsa.gov/Press-Room/Press-Releases-Statements/Press-Release-View/Article/3498776/post-quantum-cryptography-cisa-nist-and-nsa-recommend-how-to-prepare-now/}",
}

@misc{nvidia_pqc,
  title = {{Make It So: Software Speeds Journey to Post-Quantum Cryptography}},
  howpublished = "\url{https://blogs.nvidia.com/blog/cupqc-quantum-cryptography}",
}

@misc{nist_std,
  title = {{Post-Quantum Cryptography}},
  howpublished = "\url{https://csrc.nist.gov/Projects/post-quantum-cryptography}",
}

@misc{sidh_broken,
  title = {{SIKE Team: SIKE and SIDH is insecure}},
  howpublished = "\url{https://csrc.nist.gov/csrc/media/Projects/post-quantum-cryptography/documents/round-4/submissions/sike-team-note-insecure.pdf}",
  year = {2022},
}
